<?xml version="1.0" encoding="UTF-8"?><collection xmlns="http://www.loc.gov/MARC21/slim"><record><leader>00370nam--2200133-i-4500</leader><controlfield tag="001">000003015</controlfield><controlfield tag="002">20161230</controlfield><controlfield tag="005">20161230201025</controlfield><controlfield tag="008">060222s1000------------r-----000-0-eng-d</controlfield><datafield ind1=" " ind2=" " tag="080"><subfield code="a">681.31</subfield></datafield><datafield ind1=" " ind2=" " tag="100"><subfield code="a">Berkeley, Edmund C.And Wainwright, L</subfield></datafield><datafield ind1=" " ind2=" " tag="245"><subfield code="a">Computers. their operation and application</subfield></datafield><datafield ind1=" " ind2=" " tag="260"><subfield code="a">London, Reinhold, /1956/ Viii + 366 P.Cu Figuri</subfield></datafield><datafield ind1=" " ind2=" " tag="852"><subfield code="a">11750</subfield></datafield></record></collection>